@article{Amstutz2016,
  doi = {10.6084/m9.figshare.3115156.v2},
  author = {Amstutz,  Peter and Crusoe,  Michael R. and {Nebojša Tijanić} and Chapman,  Brad and Chilton,  John and Heuer,  Michael and Kartashov,  Andrey and Leehr,  Dan and Ménager,  Hervé and Nedeljkovich,  Maya and Scales,  Matt and Soiland-Reyes,  Stian and Stojanovic,  Luka},
  keywords = {Bioinformatics,  Computational  Biology,  80301 Bioinformatics Software,  Computer Software,  80302 Computer System Architecture,  80501 Distributed and Grid Systems,  Distributed Computing},
  title = {Common Workflow Language,  v1.0},
  year = {2016}
}

@article{Califf2017,
  doi = {10.1128/msystems.00016-17},
  url = {https://doi.org/10.1128/msystems.00016-17},
  year  = {2017},
  month = {jun},
  publisher = {American Society for Microbiology},
  volume = {2},
  number = {3},
  pages = {e00016--17},
  author = {Katy J. Califf and Karen Schwarzberg-Lipson and Neha Garg and Sean M. Gibbons and J. Gregory Caporaso and J{\o}rgen Slots and Chloe Cohen and Pieter C. Dorrestein and Scott T. Kelley},
  editor = {Nicola Segata},
  title = {Multi-omics Analysis of Periodontal Pocket Microbial Communities Pre- and Posttreatment},
  journal = {{mSystems}}
}

@article{Casadevall2016,
  doi = {10.1128/mbio.01256-16},
  url = {https://doi.org/10.1128/mbio.01256-16},
  year  = {2016},
  month = {aug},
  publisher = {American Society for Microbiology},
  volume = {7},
  number = {4},
  pages = {e01256--16},
  author = {Arturo Casadevall and Lee M. Ellis and Erika W. Davies and Margaret McFall-Ngai and Ferric C. Fang},
  title = {A Framework for Improving the Quality of Research in the Biological Sciences},
  journal = {{mBio}}
}

@article{Cole2013,
  doi = {10.1093/nar/gkt1244},
  url = {https://doi.org/10.1093/nar/gkt1244},
  year  = {2013},
  month = {nov},
  publisher = {Oxford University Press ({OUP})},
  volume = {42},
  number = {D1},
  pages = {D633--D642},
  author = {James R. Cole and Qiong Wang and Jordan A. Fish and Benli Chai and Donna M. McGarrell and Yanni Sun and C. Titus Brown and Andrea Porras-Alfaro and Cheryl R. Kuske and James M. Tiedje},
  title = {Ribosomal Database Project: data and tools for high throughput {rRNA} analysis},
  journal = {Nucleic Acids Research}
}

@article{Collins2014,
  doi = {10.1038/505612a},
  url = {https://doi.org/10.1038/505612a},
  year  = {2014},
  month = {jan},
  publisher = {Springer Nature},
  volume = {505},
  number = {7485},
  pages = {612--613},
  author = {Francis S. Collins and Lawrence A. Tabak},
  title = {{NIH} plans to enhance reproducibility},
  journal = {Nature}
}

@report{Davies2016,
  url = {http://www.asmscience.org/content/colloquia.54},
  year  = {2016},
  publisher = {American Society for Microbiology. http://www.asmscience.org/content/colloquia.54},
  author = {Erika W. Davies and Diane D. Edwards and Arturo Casadevall and Lee M. Ellis and Ferric C. Fang and Margaret McFall-Ngai},
  title = {Promoting Responsible Scientic Research},
}

@article{DeSantis2006,
  doi = {10.1128/aem.03006-05},
  url = {https://doi.org/10.1128/aem.03006-05},
  year  = {2006},
  month = {jul},
  publisher = {American Society for Microbiology},
  volume = {72},
  number = {7},
  pages = {5069--5072},
  author = {T. Z. DeSantis and P. Hugenholtz and N. Larsen and M. Rojas and E. L. Brodie and K. Keller and T. Huber and D. Dalevi and P. Hu and G. L. Andersen},
  title = {Greengenes,  a Chimera-Checked 16S {rRNA} Gene Database and Workbench Compatible with {ARB}},
  journal = {Applied and Environmental Microbiology}
}

@article{Ding2014,
  doi = {10.1038/nature13178},
  url = {https://doi.org/10.1038/nature13178},
  year  = {2014},
  month = {apr},
  publisher = {Springer Nature},
  volume = {509},
  number = {7500},
  pages = {357--360},
  author = {Tao Ding and Patrick D. Schloss},
  title = {Dynamics and associations of microbial community types across the human body},
  journal = {Nature}
}

@article{Errington2014,
  doi = {10.7554/elife.04333},
  url = {https://doi.org/10.7554/elife.04333},
  year  = {2014},
  month = {dec},
  publisher = {{eLife} Sciences Organisation,  Ltd.},
  volume = {3},
  author = {Timothy M Errington and Elizabeth Iorns and William Gunn and Fraser Elisabeth Tan and Joelle Lomax and Brian A Nosek},
  title = {An open investigation of the reproducibility of cancer biology research},
  journal = {{eLife}}
}

@article{Etz2016,
  doi = {10.1371/journal.pone.0149794},
  url = {https://doi.org/10.1371/journal.pone.0149794},
  year  = {2016},
  month = {feb},
  publisher = {Public Library of Science ({PLOS})},
  volume = {11},
  number = {2},
  pages = {e0149794},
  author = {Alexander Etz and Joachim Vandekerckhove},
  editor = {Daniele Marinazzo},
  title = {A Bayesian Perspective on the Reproducibility Project: Psychology},
  journal = {{PLOS} {ONE}}
}

@article{Finucane2014,
  doi = {10.1371/journal.pone.0084689},
  url = {https://doi.org/10.1371/journal.pone.0084689},
  year  = {2014},
  month = {jan},
  publisher = {Public Library of Science ({PLOS})},
  volume = {9},
  number = {1},
  pages = {e84689},
  author = {Mariel M. Finucane and Thomas J. Sharpton and Timothy J. Laurent and Katherine S. Pollard},
  editor = {Markus M. Heimesaat},
  title = {A Taxonomic Signature of Obesity in the Microbiome? Getting to the Guts of the Matter},
  journal = {{PLOS} {ONE}}
}

@article{Garijo2013,
  doi = {10.1371/journal.pone.0080278},
  url = {https://doi.org/10.1371/journal.pone.0080278},
  year  = {2013},
  month = {nov},
  publisher = {Public Library of Science ({PLOS})},
  volume = {8},
  number = {11},
  pages = {e80278},
  author = {Daniel Garijo and Sarah Kinnings and Li Xie and Lei Xie and Yinliang Zhang and Philip E. Bourne and Yolanda Gil},
  editor = {Christos A. Ouzounis},
  title = {Quantifying Reproducibility in Computational Biology: The Case of the Tuberculosis Drugome},
  journal = {{PLOS} {ONE}}
}

@article{Gelman2012,
  doi = {10.1080/19345747.2011.618213},
  url = {https://doi.org/10.1080/19345747.2011.618213},
  year  = {2012},
  month = {apr},
  publisher = {Informa {UK} Limited},
  volume = {5},
  number = {2},
  pages = {189--211},
  author = {Andrew Gelman and Jennifer Hill and Masanao Yajima},
  title = {Why We (Usually) Don{\textquotesingle}t Have to Worry About Multiple Comparisons},
  journal = {Journal of Research on Educational Effectiveness}
}

@article{Gelman2014,
  doi = {10.1511/2014.111.460},
  url = {https://doi.org/10.1511/2014.111.460},
  year  = {2014},
  publisher = {Sigma Xi},
  volume = {102},
  number = {6},
  pages = {460},
  author = {Andrew Gelman and Eric Loken},
  title = {The Statistical Crisis in Science},
  journal = {American Scientist}
}

@article{Goodman2016,
  doi = {10.1126/scitranslmed.aaf5027},
  url = {https://doi.org/10.1126/scitranslmed.aaf5027},
  year  = {2016},
  month = {jun},
  publisher = {American Association for the Advancement of Science ({AAAS})},
  volume = {8},
  number = {341},
  pages = {341ps12--341ps12},
  author = {Steven N. Goodman and Daniele Fanelli and John P. A. Ioannidis},
  title = {What does research reproducibility mean?},
  journal = {Science Translational Medicine}
}

@article{Goodrich2016,
  doi = {10.1016/j.chom.2016.04.017},
  url = {https://doi.org/10.1016/j.chom.2016.04.017},
  year  = {2016},
  month = {may},
  publisher = {Elsevier {BV}},
  volume = {19},
  number = {5},
  pages = {731--743},
  author = {Julia~K. Goodrich and Emily~R. Davenport and Michelle Beaumont and Matthew~A. Jackson and Rob Knight and Carole Ober and Tim~D. Spector and Jordana~T. Bell and Andrew~G. Clark and Ruth~E. Ley},
  title = {Genetic Determinants of the Gut Microbiome in {UK} Twins},
  journal = {Cell Host {\&} Microbe}
}

@article{Guo2014,
  doi = {10.1016/j.neuroimage.2013.08.012},
  url = {https://doi.org/10.1016/j.neuroimage.2013.08.012},
  year  = {2014},
  month = {feb},
  publisher = {Elsevier {BV}},
  volume = {86},
  pages = {172--181},
  author = {Qing Guo and Lehana Thabane and Geoffrey Hall and Margaret McKinnon and Ron Goeree and Eleanor Pullenayegum},
  title = {A systematic review of the reporting of sample size calculations and corresponding data components in observational functional magnetic resonance imaging studies},
  journal = {{NeuroImage}}
}

@article{Han2013,
  doi = {10.1371/annotation/880a72e1-9cf3-45a9-bf1c-c74ccb73fd35},
  url = {https://doi.org/10.1371/annotation/880a72e1-9cf3-45a9-bf1c-c74ccb73fd35},
  year  = {2013},
  month = {sep},
  publisher = {Public Library of Science ({PLOS})},
  volume = {8},
  number = {9},
  author = {Sang-Wook Han and Malinee Sriariyanun and Sang-Won Lee and Manoj Sharma and Ofir Bahar and Zachary Bower and Pamela C. Ronald},
  editor = {Dipshikha Chakravortty},
  title = {Retraction: Small Protein-Mediated Quorum Sensing in a Gram-Negative Bacterium},
  journal = {{PLOS} {ONE}}
}

@article{Hart2016,
  doi = {10.1371/journal.pcbi.1005097},
  url = {https://doi.org/10.1371/journal.pcbi.1005097},
  year  = {2016},
  month = {oct},
  publisher = {Public Library of Science ({PLOS})},
  volume = {12},
  number = {10},
  pages = {e1005097},
  author = {Edmund M. Hart and Pauline Barmby and David LeBauer and Fran{\c{c}}ois Michonneau and Sarah Mount and Patrick Mulrooney and Timoth{\'{e}}e Poisot and Kara H. Woo and Naupaka B. Zimmerman and Jeffrey W. Hollister},
  editor = {Scott Markel},
  title = {Ten Simple Rules for Digital Data Storage},
  journal = {{PLOS} Computational Biology}
}

@article{Head2015,
  doi = {10.1371/journal.pbio.1002106},
  url = {https://doi.org/10.1371/journal.pbio.1002106},
  year  = {2015},
  month = {mar},
  publisher = {Public Library of Science ({PLOS})},
  volume = {13},
  number = {3},
  pages = {e1002106},
  author = {Megan L. Head and Luke Holman and Rob Lanfear and Andrew T. Kahn and Michael D. Jennions},
  title = {The Extent and Consequences of P-Hacking in Science},
  journal = {{PLOS} Biology}
}

@article{Horbach2017,
  doi = {10.1371/journal.pone.0186281},
  url = {https://doi.org/10.1371/journal.pone.0186281},
  year  = {2017},
  month = {oct},
  publisher = {Public Library of Science ({PLOS})},
  volume = {12},
  number = {10},
  pages = {e0186281},
  author = {Serge P. J. M. Horbach and Willem Halffman},
  editor = {Wolfgang Glanzel},
  title = {The ghosts of {HeLa}: How cell line misidentification contaminates the scientific literature},
  journal = {{PLOS} {ONE}}
}

@article{Huang2017,
  doi = {10.1371/journal.pone.0170384},
  url = {https://doi.org/10.1371/journal.pone.0170384},
  year  = {2017},
  month = {jan},
  publisher = {Public Library of Science ({PLOS})},
  volume = {12},
  number = {1},
  pages = {e0170384},
  author = {Yaqing Huang and Yuehong Liu and Congyi Zheng and Chao Shen},
  editor = {Patricia Talamas-Rohana},
  title = {Investigation of Cross-Contamination and Misidentification of 278 Widely Used Tumor Cell Lines},
  journal = {{PLOS} {ONE}}
}

@article{HMP2012,
	title = {Structure, function and diversity of the healthy human microbiome},
	volume = {486},
	issn = {1476-4687},
	doi = {10.1038/nature11234},
	language = {eng},
	number = {7402},
	journal = {Nature},
	author = {{Human Microbiome Project Consortium}},
	month = jun,
	year = {2012},
	pmid = {22699609},
	pmcid = {PMC3564958},
	keywords = {Adolescent, Adult, Bacteria, Biodiversity, Ecosystem, Female, Health, Humans, Male, Metabolic Networks and Pathways, Metagenome, Metagenomics, Phenotype, RNA, Ribosomal, 16S, Young Adult},
	pages = {207--214}
}

@article{Ivanov2008,
  doi = {10.1016/j.chom.2008.09.009},
  url = {https://doi.org/10.1016/j.chom.2008.09.009},
  year  = {2008},
  month = {oct},
  publisher = {Elsevier {BV}},
  volume = {4},
  number = {4},
  pages = {337--349},
  author = {Ivaylo I. Ivanov and Rosa de Llanos Frutos and Nicolas Manel and Keiji Yoshinaga and Daniel B. Rifkin and R. Balfour Sartor and B. Brett Finlay and Dan R. Littman},
  title = {Specific Microbiota Direct the Differentiation of {IL}-17-Producing T-Helper Cells in the Mucosa of the Small Intestine},
  journal = {Cell Host {\&} Microbe}
}

@article{Ivanov2009,
  doi = {10.1016/j.cell.2009.09.033},
  url = {https://doi.org/10.1016/j.cell.2009.09.033},
  year  = {2009},
  month = {oct},
  publisher = {Elsevier {BV}},
  volume = {139},
  number = {3},
  pages = {485--498},
  author = {Ivaylo I. Ivanov and Koji Atarashi and Nicolas Manel and Eoin L. Brodie and Tatsuichiro Shima and Ulas Karaoz and Dongguang Wei and Katherine C. Goldfarb and Clark A. Santee and Susan V. Lynch and Takeshi Tanoue and Akemi Imaoka and Kikuji Itoh and Kiyoshi Takeda and Yoshinori Umesaki and Kenya Honda and Dan R. Littman},
  title = {Induction of Intestinal Th17 Cells by Segmented Filamentous Bacteria},
  journal = {Cell}
}

@article{Ioannidis2005,
  doi = {10.1371/journal.pmed.0020124},
  url = {https://doi.org/10.1371/journal.pmed.0020124},
  year  = {2005},
  month = {aug},
  publisher = {Public Library of Science ({PLOS})},
  volume = {2},
  number = {8},
  pages = {e124},
  author = {John P. A. Ioannidis},
  title = {Why Most Published Research Findings Are False},
  journal = {{PLOS} Medicine}
}

@article{Jenior2017,
  doi = {10.1128/msystems.00063-17},
  url = {https://doi.org/10.1128/msystems.00063-17},
  year  = {2017},
  month = {jul},
  publisher = {American Society for Microbiology},
  volume = {2},
  number = {4},
  pages = {e00063--17},
  author = {Matthew L. Jenior and Jhansi L. Leslie and Vincent B. Young and Patrick D. Schloss},
  editor = {Peter J. Turnbaugh},
  title = {\textit{Clostridium difficile} Colonizes Alternative Nutrient Niches during Infection across Distinct Murine Gut Microbiomes},
  journal = {{mSystems}}
}

@article{Kim2017,
  doi = {10.1186/s40168-017-0267-5},
  url = {https://doi.org/10.1186/s40168-017-0267-5},
  year  = {2017},
  month = {may},
  publisher = {Springer Nature},
  volume = {5},
  number = {1},
  author = {Dorothy Kim and Casey E. Hofstaedter and Chunyu Zhao and Lisa Mattei and Ceylan Tanes and Erik Clarke and Abigail Lauder and Scott Sherrill-Mix and Christel Chehoud and Judith Kelsen and M{\'{a}}ire Conrad and Ronald G. Collman and Robert Baldassano and Frederic D. Bushman and Kyle Bittinger},
  title = {Optimizing methods and dodging pitfalls in microbiome research},
  journal = {Microbiome}
}

@article{Klein2014,
  doi = {10.1371/journal.pone.0115253},
  url = {https://doi.org/10.1371/journal.pone.0115253},
  year  = {2014},
  month = {dec},
  publisher = {Public Library of Science ({PLOS})},
  volume = {9},
  number = {12},
  pages = {e115253},
  author = {Martin Klein and Herbert Van de Sompel and Robert Sanderson and Harihar Shankar and Lyudmila Balakireva and Ke Zhou and Richard Tobin},
  editor = {Judit Bar-Ilan},
  title = {Scholarly Context Not Found: One in Five Articles Suffers from Reference Rot},
  journal = {{PLOS} {ONE}}
}

@conference{Kluyver2016,
	Author = {Thomas Kluyver and Benjamin Ragan-Kelley and Fernando P{\'e}rez and Brian Granger and Matthias Bussonnier and Jonathan Frederic and Kyle Kelley and Jessica Hamrick and Jason Grout and Sylvain Corlay and Paul Ivanov and Dami{\'a}n Avila and Safia Abdalla and Carol Willing},
	Booktitle = {Positioning and Power in Academic Publishing: Players, Agents and Agendas},
	Editor = {F. Loizides and B. Schmidt},
	Organization = {IOS Press},
	Pages = {87 - 90},
	Title = {Jupyter Notebooks -- a publishing format for reproducible computational workflows},
	Year = {2016}
}

@article{Lane2015,
  doi = {10.1098/rstb.2014.0344},
  url = {https://doi.org/10.1098/rstb.2014.0344},
  year  = {2015},
  month = {mar},
  publisher = {The Royal Society},
  volume = {370},
  number = {1666},
  pages = {20140344--20140344},
  author = {N. Lane},
  title = {The unseen world: reflections on Leeuwenhoek (1677) {\textquotesingle}Concerning little animals{\textquotesingle}},
  journal = {Philosophical Transactions of the Royal Society B: Biological Sciences}
}

@article{Langille2018,
  doi = {10.1186/s40168-017-0394-z},
  url = {https://doi.org/10.1186/s40168-017-0394-z},
  year  = {2018},
  month = {jan},
  publisher = {Springer Nature},
  volume = {6},
  number = {1},
  author = {Morgan G. I. Langille and Jacques Ravel and W. Florian Fricke},
  title = {{\textquotedblleft}Available upon request{\textquotedblright}: not good enough for microbiome data!},
  journal = {Microbiome}
}

@article{Lauder2016,
  doi = {10.1186/s40168-016-0172-3},
  url = {https://doi.org/10.1186/s40168-016-0172-3},
  year  = {2016},
  month = {jun},
  publisher = {Springer Nature},
  volume = {4},
  number = {1},
  author = {Abigail P. Lauder and Aoife M. Roche and Scott Sherrill-Mix and Aubrey Bailey and Alice L. Laughlin and Kyle Bittinger and Rita Leite and Michal A. Elovitz and Samuel Parry and Frederic D. Bushman},
  title = {Comparison of placenta samples with contamination controls does not provide evidence for a distinct placenta microbiota},
  journal = {Microbiome}
}

@article{Laukens2015,
  doi = {10.1093/femsre/fuv036},
  url = {https://doi.org/10.1093/femsre/fuv036},
  year  = {2015},
  month = {aug},
  publisher = {Oxford University Press ({OUP})},
  volume = {40},
  number = {1},
  pages = {117--132},
  author = {Debby Laukens and Brigitta M. Brinkman and Jeroen Raes and Martine De Vos and Peter Vandenabeele},
  editor = {Birgitta Henriques Normark},
  title = {Heterogeneity of the gut microbiome in mice: guidelines for optimizing experimental design},
  journal = {{FEMS} Microbiology Reviews}
}

@article{Lee2013,
  doi = {10.1126/science.342.6155.191-a},
  url = {https://doi.org/10.1126/science.342.6155.191-a},
  year  = {2013},
  month = {oct},
  publisher = {American Association for the Advancement of Science ({AAAS})},
  volume = {342},
  number = {6155},
  pages = {191--191},
  author = {S.-W. Lee and S.-W. Han and M. Sririyanum and C.-J. Park and Y.-S. Seo and P. C. Ronald},
  title = {Retraction},
  journal = {Science}
}

@article{Leek2010,
  doi = {10.1038/nrg2825},
  url = {https://doi.org/10.1038/nrg2825},
  year  = {2010},
  month = {sep},
  publisher = {Springer Nature},
  volume = {11},
  number = {10},
  pages = {733--739},
  author = {Jeffrey T. Leek and Robert B. Scharpf and H{\'{e}}ctor Corrada Bravo and David Simcha and Benjamin Langmead and W. Evan Johnson and Donald Geman and Keith Baggerly and Rafael A. Irizarry},
  title = {Tackling the widespread and critical impact of batch effects in high-throughput data},
  journal = {Nature Reviews Genetics}
}

@article{Leek2015,
  doi = {10.1073/pnas.1421412111},
  url = {https://doi.org/10.1073/pnas.1421412111},
  year  = {2015},
  month = {feb},
  publisher = {Proceedings of the National Academy of Sciences},
  volume = {112},
  number = {6},
  pages = {1645--1646},
  author = {Jeffrey T. Leek and Roger D. Peng},
  title = {Reproducible research can still be wrong: Adopting a prevention approach},
  journal = {Proceedings of the National Academy of Sciences}
}

@article{Ley2005,
  doi = {10.1073/pnas.0504978102},
  url = {https://doi.org/10.1073/pnas.0504978102},
  year  = {2005},
  month = {jul},
  publisher = {Proceedings of the National Academy of Sciences},
  volume = {102},
  number = {31},
  pages = {11070--11075},
  author = {R. E. Ley and F. Backhed and P. Turnbaugh and C. A. Lozupone and R. D. Knight and J. I. Gordon},
  title = {Obesity alters gut microbial ecology},
  journal = {Proceedings of the National Academy of Sciences}
}

@article{Ley2006,
  doi = {10.1038/4441022a},
  url = {https://doi.org/10.1038/4441022a},
  year  = {2006},
  month = {dec},
  publisher = {Springer Nature},
  volume = {444},
  number = {7122},
  pages = {1022--1023},
  author = {Ruth E. Ley and Peter J. Turnbaugh and Samuel Klein and Jeffrey I. Gordon},
  title = {Human gut microbes associated with obesity},
  journal = {Nature}
}

@article{Mallick2017,
  doi = {10.1186/s13059-017-1359-z},
  url = {https://doi.org/10.1186/s13059-017-1359-z},
  year  = {2017},
  month = {nov},
  publisher = {Springer Nature},
  volume = {18},
  number = {1},
  author = {Himel Mallick and Siyuan Ma and Eric A. Franzosa and Tommi Vatanen and Xochitl C. Morgan and Curtis Huttenhower},
  title = {Experimental design and quantitative analysis of microbial community multiomics},
  journal = {Genome Biology}
}

@article{Morris2013,
  doi = {10.1164/rccm.201210-1913oc},
  url = {https://doi.org/10.1164/rccm.201210-1913oc},
  year  = {2013},
  month = {may},
  publisher = {American Thoracic Society},
  volume = {187},
  number = {10},
  pages = {1067--1075},
  author = {Alison Morris and James M. Beck and Patrick D. Schloss and Thomas B. Campbell and Kristina Crothers and Jeffrey L. Curtis and Sonia C. Flores and Andrew P. Fontenot and Elodie Ghedin and Laurence Huang and Kathleen Jablonski and Eric Kleerup and Susan V. Lynch and Erica Sodergren and Homer Twigg and Vincent B. Young and Christine M. Bassis and Arvind Venkataraman and Thomas M. Schmidt and George M. Weinstock},
  title = {Comparison of the Respiratory Microbiome in Healthy Nonsmokers and Smokers},
  journal = {American Journal of Respiratory and Critical Care Medicine}
}

@article{Munaf2018,
  doi = {10.1038/d41586-018-01023-3},
  url = {https://doi.org/10.1038/d41586-018-01023-3},
  year  = {2018},
  month = {jan},
  publisher = {Springer Nature},
  volume = {553},
  number = {7689},
  pages = {399--401},
  author = {Marcus R. Munaf{\`{o}} and George Davey Smith},
  title = {Robust research needs many lines of evidence},
  journal = {Nature}
}

@article{Nguyen2015,
  doi = {10.1242/dmm.017400},
  url = {https://doi.org/10.1242/dmm.017400},
  year  = {2015},
  month = {jan},
  publisher = {The Company of Biologists},
  volume = {8},
  number = {1},
  pages = {1--16},
  author = {T. L. A. Nguyen and S. Vieira-Silva and A. Liston and J. Raes},
  title = {How informative is the mouse for human gut microbiota research?},
  journal = {Disease Models {\&} Mechanisms}
}

@article{Noble2009,
  doi = {10.1371/journal.pcbi.1000424},
  url = {https://doi.org/10.1371/journal.pcbi.1000424},
  year  = {2009},
  month = {jul},
  publisher = {Public Library of Science ({PLOS})},
  volume = {5},
  number = {7},
  pages = {e1000424},
  author = {William Stafford Noble},
  editor = {Fran Lewitter},
  title = {A Quick Guide to Organizing Computational Biology Projects},
  journal = {{PLOS} Computational Biology}
}

@article{Nosek2017,
  title={Preprint: The Preregistration Revolution},
  doi = {10.17605/OSF.IO/2DXU5},
  url={osf.io/swz75},
  journal={OSF Preprints},
  author={Nosek, Brian A and Ebersole, Charles R and DeHaven, Alexander C and Mellor, David T},
  year={2017},
  month={Aug}
}

@article{Pain2015,
  doi = {10.1126/science.caredit.a1500282},
  url = {https://doi.org/10.1126/science.caredit.a1500282},
  year  = {2015},
  month = {dec},
  publisher = {American Association for the Advancement of Science ({AAAS})},
  author = {Elisabeth Pain},
  title = {Register your study as a new publication option},
  journal = {Science}
}

@article{Patil2016,
  doi = {10.1177/1745691616646366},
  url = {https://doi.org/10.1177/1745691616646366},
  year  = {2016},
  month = {jul},
  publisher = {{SAGE} Publications},
  volume = {11},
  number = {4},
  pages = {539--544},
  author = {Prasad Patil and Roger D. Peng and Jeffrey T. Leek},
  title = {What Should Researchers Expect When They Replicate Studies? A Statistical View of Replicability in Psychological Science},
  journal = {Perspectives on Psychological Science}
}

@article{Pearson2003,
  doi = {10.1038/news031124-9},
  url = {https://doi.org/10.1038/news031124-9},
  year  = {2003},
  month = {nov},
  publisher = {Springer Nature},
  author = {Helen Pearson},
  title = {Competition in biology: It{\textquotesingle}s a scoop!},
  journal = {News@Nature}
}

@article{PerezMuoz2017,
  doi = {10.1186/s40168-017-0268-4},
  url = {https://doi.org/10.1186/s40168-017-0268-4},
  year  = {2017},
  month = {apr},
  publisher = {Springer Nature},
  volume = {5},
  number = {1},
  author = {Maria Elisa Perez-Mu{\~{n}}oz and Marie-Claire Arrieta and Amanda E. Ramer-Tait and Jens Walter},
  title = {A critical assessment of the {\textquotedblleft}sterile womb{\textquotedblright} and {\textquotedblleft}in utero colonization{\textquotedblright} hypotheses: implications for research on the pioneer infant microbiome},
  journal = {Microbiome}
}

@article{PerezRiverol2016,
  doi = {10.1371/journal.pcbi.1004947},
  url = {https://doi.org/10.1371/journal.pcbi.1004947},
  year  = {2016},
  month = {jul},
  publisher = {Public Library of Science ({PLOS})},
  volume = {12},
  number = {7},
  pages = {e1004947},
  author = {Yasset Perez-Riverol and Laurent Gatto and Rui Wang and Timo Sachsenberg and Julian Uszkoreit and Felipe da Veiga Leprevost and Christian Fufezan and Tobias Ternent and Stephen J. Eglen and Daniel S. Katz and Tom J. Pollard and Alexander Konovalov and Robert M. Flight and Kai Blin and Juan Antonio Vizca{\'{\i}}no},
  editor = {Scott Markel},
  title = {Ten Simple Rules for Taking Advantage of Git and {GitHub}},
  journal = {{PLOS} Computational Biology}
}

@article{PB2018,
  doi = {10.1371/journal.pbio.2005203},
  url = {https://doi.org/10.1371/journal.pbio.2005203},
  year  = {2018},
  month = {jan},
  publisher = {Public Library of Science ({PLOS})},
  volume = {16},
  number = {1},
	author = {{The PLOS Biology Staff Editors}},
  pages = {e2005203},
  title = {The importance of being second},
  journal = {{PLOS} Biology}
}

@article{Ravel2014,
  doi = {10.1186/2049-2618-2-8},
  url = {https://doi.org/10.1186/2049-2618-2-8},
  year  = {2014},
  publisher = {Springer Nature},
  volume = {2},
  number = {1},
  pages = {8},
  author = {Jacques Ravel and K Wommack},
  title = {All hail reproducibility in microbiome research},
  journal = {Microbiome}
}

@article{Salter2014,
  doi = {10.1186/s12915-014-0087-z},
  url = {https://doi.org/10.1186/s12915-014-0087-z},
  year  = {2014},
  month = {nov},
  publisher = {Springer Nature},
  volume = {12},
  number = {1},
  author = {Susannah J Salter and Michael J Cox and Elena M Turek and Szymon T Calus and William O Cookson and Miriam F Moffatt and Paul Turner and Julian Parkhill and Nicholas J Loman and Alan W Walker},
  title = {Reagent and laboratory contamination can critically impact sequence-based microbiome analyses},
  journal = {{BMC} Biology}
}

@article{Sandve2013,
  doi = {10.1371/journal.pcbi.1003285},
  url = {https://doi.org/10.1371/journal.pcbi.1003285},
  year  = {2013},
  month = {oct},
  publisher = {Public Library of Science ({PLOS})},
  volume = {9},
  number = {10},
  pages = {e1003285},
  author = {Geir Kjetil Sandve and Anton Nekrutenko and James Taylor and Eivind Hovig},
  editor = {Philip E. Bourne},
  title = {Ten Simple Rules for Reproducible Computational Research},
  journal = {{PLOS} Computational Biology}
}

@article{Schloss2009,
  title="{Introducing mothur: open-source, platform-independent, community-supported software for describing and comparing microbial communities}",
  author={Schloss, Patrick D and Westcott, Sarah L and Ryabin, Thomas and Hall, Justine R and Hartmann, Martin and Hollister, Emily B and Lesniewski, Ryan A and Oakley, Brian B and Parks, Donovan H and Robinson, Courtney J and others},
  journal={Applied and environmental microbiology},
  volume={75},
  number={23},
  pages={7537--7541},
  year={2009},
  publisher={Am Soc Microbiol}
}

@article{Seok2013,
  doi = {10.1073/pnas.1222878110},
  url = {https://doi.org/10.1073/pnas.1222878110},
  year  = {2013},
  month = {feb},
  publisher = {Proceedings of the National Academy of Sciences},
  volume = {110},
  number = {9},
  pages = {3507--3512},
  author = {Junhee Seok and H. Shaw Warren and Alex G. Cuenca and Michael N. Mindrinos and Henry V. Baker and Weihong Xu and Daniel R. Richards and Grace P. McDonald-Smith and Hong Gao and Laura Hennessy and Celeste C. Finnerty and Cecilia M. L{\'{o}}pez and Shari Honari and Ernest E. Moore and Joseph P. Minei and Joseph Cuschieri and Paul E. Bankey and Jeffrey L. Johnson and Jason Sperry and Avery B. Nathens and Timothy R. Billiar and Michael A. West and Marc G. Jeschke and Matthew B. Klein and Richard L. Gamelli and Nicole S. Gibran and Bernard H. Brownstein and Carol Miller-Graziano and Steve E. Calvano and Philip H. Mason and J. Perren Cobb and Laurence G. Rahme and Stephen F. Lowry and Ronald V. Maier and Lyle L. Moldawer and David N. Herndon and Ronald W. Davis and Wenzhong Xiao and Ronald G. Tompkins and},
  title = {Genomic responses in mouse models poorly mimic human inflammatory diseases},
  journal = {Proceedings of the National Academy of Sciences}
}

@article{Sze2016,
  doi = {10.1128/mbio.01018-16},
  url = {https://doi.org/10.1128/mbio.01018-16},
  year  = {2016},
  month = {aug},
  publisher = {American Society for Microbiology},
  volume = {7},
  number = {4},
  pages = {e01018--16},
  author = {Marc A. Sze and Patrick D. Schloss},
  title = {Looking for a Signal in the Noise: Revisiting Obesity and the Microbiome},
  journal = {{mBio}}
}

@article{Taschuk2017,
  doi = {10.1371/journal.pcbi.1005412},
  url = {https://doi.org/10.1371/journal.pcbi.1005412},
  year  = {2017},
  month = {apr},
  publisher = {Public Library of Science ({PLOS})},
  volume = {13},
  number = {4},
  pages = {e1005412},
  author = {Morgan Taschuk and Greg Wilson},
  title = {Ten simple rules for making research software more robust},
  journal = {{PLOS} Computational Biology}
}

@article{Turnbaugh2006,
  doi = {10.1038/nature05414},
  url = {https://doi.org/10.1038/nature05414},
  year  = {2006},
  month = {dec},
  publisher = {Springer Nature},
  volume = {444},
  number = {7122},
  pages = {1027--131},
  author = {Peter J. Turnbaugh and Ruth E. Ley and Michael A. Mahowald and Vincent Magrini and Elaine R. Mardis and Jeffrey I. Gordon},
  title = {An obesity-associated gut microbiome with increased capacity for energy harvest},
  journal = {Nature}
}

@article{Turnbaugh2008,
  doi = {10.1038/nature07540},
  url = {https://doi.org/10.1038/nature07540},
  year  = {2008},
  month = {nov},
  publisher = {Springer Nature},
  volume = {457},
  number = {7228},
  pages = {480--484},
  author = {Peter J. Turnbaugh and Micah Hamady and Tanya Yatsunenko and Brandi L. Cantarel and Alexis Duncan and Ruth E. Ley and Mitchell L. Sogin and William J. Jones and Bruce A. Roe and Jason P. Affourtit and Michael Egholm and Bernard Henrissat and Andrew C. Heath and Rob Knight and Jeffrey I. Gordon},
  title = {A core gut microbiome in obese and lean twins},
  journal = {Nature}
}

@article{Walters2014,
  doi = {10.1016/j.febslet.2014.09.039},
  url = {https://doi.org/10.1016/j.febslet.2014.09.039},
  year  = {2014},
  month = {oct},
  publisher = {Wiley-Blackwell},
  volume = {588},
  number = {22},
  pages = {4223--4233},
  author = {William A. Walters and Zech Xu and Rob Knight},
  title = {Meta-analyses of human gut microbes associated with obesity and {IBD}},
  journal = {{FEBS} Letters}
}

@article{Whitaker2017,
	author = "Kirstie Whitaker",
	title = "{Publishing a reproducible paper}",
	year = "2017",
	month = "9",
	url = "https://figshare.com/articles/Publishing_a_reproducible_paper/5440621",
	doi = "10.6084/m9.figshare.5440621.v2"
}

@article{Wilson2016,
  doi = {10.12688/f1000research.3-62.v2},
  url = {https://doi.org/10.12688/f1000research.3-62.v2},
  year  = {2016},
  month = {jan},
  publisher = {F1000 Research,  Ltd.},
  author = {Greg Wilson},
  title = {Software Carpentry: lessons learned},
  journal = {F1000Research}
}

@article{Wilson2017,
  doi = {10.1371/journal.pcbi.1005510},
  url = {https://doi.org/10.1371/journal.pcbi.1005510},
  year  = {2017},
  month = {jun},
  publisher = {Public Library of Science ({PLOS})},
  volume = {13},
  number = {6},
  pages = {e1005510},
  author = {Greg Wilson and Jennifer Bryan and Karen Cranston and Justin Kitzes and Lex Nederbragt and Tracy K. Teal},
  editor = {Francis Ouellette},
  title = {Good enough practices in scientific computing},
  journal = {{PLOS} Computational Biology}
}

@book{Xie2015,
  title = {Dynamic Documents with {R} and knitr},
  author = {Yihui Xie},
  publisher = {Chapman and Hall/CRC},
  address = {Boca Raton, Florida},
  year = {2015},
  edition = {2nd},
  note = {ISBN 978-1498716963},
  url = {https://yihui.name/knitr/},
}

@article{Yilmaz2013,
  doi = {10.1093/nar/gkt1209},
  url = {https://doi.org/10.1093/nar/gkt1209},
  year  = {2013},
  month = {nov},
  publisher = {Oxford University Press ({OUP})},
  volume = {42},
  number = {D1},
  pages = {D643--D648},
  author = {Pelin Yilmaz and Laura Wegener Parfrey and Pablo Yarza and Jan Gerken and Elmar Pruesse and Christian Quast and Timmy Schweer and J\"{o}rg Peplies and Wolfgang Ludwig and Frank Oliver Gl\"{o}ckner},
  title = {The {SILVA} and {\textquotedblleft}All-species Living Tree Project ({LTP}){\textquotedblright} taxonomic frameworks},
  journal = {Nucleic Acids Research}
}

@article{Zhernakova2016,
  doi = {10.1126/science.aad3369},
  url = {https://doi.org/10.1126/science.aad3369},
  year  = {2016},
  month = {apr},
  publisher = {American Association for the Advancement of Science ({AAAS})},
  volume = {352},
  number = {6285},
  pages = {565--569},
  author = {Alexandra Zhernakova and Alexander Kurilshikov and Marc Jan Bonder and Ettje F. Tigchelaar and Melanie Schirmer and Tommi Vatanen and Zlatan Mujagic and Arnau Vich Vila and Gwen Falony and Sara Vieira-Silva and Jun Wang and Floris Imhann and Eelke Brandsma and Soesma A. Jankipersadsing and Marie Joossens and Maria Carmen Cenit and Patrick Deelen and Morris A. Swertz and Rinse K. Weersma and Edith J. M. Feskens and Mihai G. Netea and Dirk Gevers and Daisy Jonkers and Lude Franke and Yurii S. Aulchenko and Curtis Huttenhower and Jeroen Raes and Marten H. Hofker and Ramnik J. Xavier and Cisca Wijmenga and Jingyuan Fu and},
  title = {Population-based metagenomics analysis reveals markers for gut microbiome composition and diversity},
  journal = {Science}
}
@article{Zupancic2012,
	title = {Analysis of the gut microbiota in the old order {Amish} and its relation to the metabolic syndrome},
	volume = {7},
	issn = {1932-6203},
	doi = {10.1371/journal.pone.0043052},
	language = {eng},
	number = {8},
	journal = {PLOS One},
	author = {Zupancic, Margaret L. and Cantarel, Brandi L. and Liu, Zhenqiu and Drabek, Elliott F. and Ryan, Kathleen A. and Cirimotich, Shana and Jones, Cheron and Knight, Rob and Walters, William A. and Knights, Daniel and Mongodin, Emmanuel F. and Horenstein, Richard B. and Mitchell, Braxton D. and Steinle, Nanette and Snitker, Soren and Shuldiner, Alan R. and Fraser, Claire M.},
	year = {2012},
	pmid = {22905200},
	pmcid = {PMC3419686},
	keywords = {16S, Adult, Amish, DNA, Feces, Female, Gastrointestinal Tract, Humans, Male, Metabolic Syndrome X, Metagenome, Middle Aged, Obesity, Pennsylvania, Phenotype, Regression Analysis, Ribosomal, RNA, Sequence Analysis},
	pages = {e43052}
}
